@INPROCEEDINGS{BachmairGanzinger1994CADE,
  AUTHOR = "Bachmair, Leo and Ganzinger, Harald",
  TITLE = "Ordered Chaining for Total Orderings",
  YEAR = "1994",
  EDITOR = "Bundy, Alan",
  BOOKTITLE = "Twelfth International Conference on Automated Deduction",
  C-ADDRESS = "Nancy, France",
  PAGES = "435--450",
  SERIES = "LNAI 814",
  PUBLISHER = "Springer",
}

@INPROCEEDINGS{BachmairGanzinger1994CTRS,
  AUTHOR = "Bachmair, Leo and Ganzinger, Harald",
  TITLE = "Associative-Commutative Superposition",
  YEAR = "1994",
  EDITOR = "Dershowitz, Nachum and Lindenstrauss, Naomi",
  BOOKTITLE = "Conditional and Typed Rewriting Systems, 4th International Workshop, CTRS-94",
  C-ADDRESS = "Jerusalem, Israel",
  PAGES = "1--14",
  SERIES = "LNCS 968",
  PUBLISHER = "Springer",
}

@INPROCEEDINGS{BachmairGanzinger1994LICS,
  AUTHOR = "Bachmair, Leo and Ganzinger, Harald",
  TITLE = "Rewrite Techniques for Transitive Relations",
  YEAR = "1994",
  BOOKTITLE = "Ninth Annual IEEE Symposium on Logic in Computer Science",
  C-ADDRESS = "Paris, France",
  PAGES = "384--393",
  PUBLISHER = "IEEE Computer Society Press",
}

@INPROCEEDINGS{GanzingerWaldmann1996CADE,
  AUTHOR = "Ganzinger, Harald and Waldmann, Uwe",
  TITLE = "Theorem Proving in Cancellative Abelian Monoids (Extended Abstract)",
  YEAR = "1996",
  EDITOR = "McRobbie, Michael A. and Slaney, John K.",
  BOOKTITLE = "Automated Deduction -- CADE-13, 13th International Conference on Automated Deduction",
  C-ADDRESS = "New Brunswick, NJ, USA",
  PAGES = "388--402",
  SERIES = "LNAI 1104",
  PUBLISHER = "Springer",
}

@ARTICLE{GodoyNieuwenhuis2004,
  AUTHOR = "Godoy, Guillem and Nieuwenhuis, Robert",
  TITLE = "Superposition with completely built-in Abelian groups",
  YEAR = "2004",
  JOURNAL = "Journal of Symbolic Computation",
  VOLUME = "37",
  NUMBER = "1",
  PAGES = "1--33",
}

@ARTICLE{Hines1992JAR,
  AUTHOR = "Hines, Larry M.",
  TITLE = "Completeness of a Prover for Dense Linear Logics",
  YEAR = "1992",
  JOURNAL = "Journal of Automated Reasoning",
  VOLUME = "8",
  PAGES = "45--75",
}

@ARTICLE{Paul1992,
  AUTHOR = "Paul, Etienne",
  TITLE = "A General Refutational Completeness Result for an Inference Procedure Based on Associative-Commutative Unification",
  YEAR = "1992",
  JOURNAL = "Journal of Symbolic Computation",
  VOLUME = "14",
  NUMBER = "6",
  PAGES = "577--618",
}

@ARTICLE{PetersonStickel1981,
  AUTHOR = "Peterson, Gerald E. and Stickel, Mark E.",
  TITLE = "Complete Sets of Reductions for Some Equational Theories",
  YEAR = "1981",
  JOURNAL = "Journal of the ACM",
  VOLUME = "28",
  NUMBER = "2",
  PAGES = "233--264",
}

@INCOLLECTION{Plotkin1972,
  AUTHOR = "Plotkin, Gordon D.",
  TITLE = "Building-in Equational Theories",
  YEAR = "1972",
  EDITOR = "Meltzer, Bernard and Michie, Donald",
  BOOKTITLE = "Machine Intelligence 7",
  CHAPTER = "4",
  PAGES = "73--90",
  PUBLISHER = "American Elsevier",
  C-ADDRESS = "New York, NY, USA",
}

@ARTICLE{RusinowitchVigneron1995,
  AUTHOR = "Rusinowitch, Micha{\"e}l and Vigneron, Laurent",
  TITLE = "Automated Deduction with Associative-Commutative Operators",
  YEAR = "1995",
  JOURNAL = "Applicable Algebra in Engineering, Communication and Computing",
  VOLUME = "6",
  NUMBER = "1",
  PAGES = "23--56",
}

@ARTICLE{Slagle1972JACM,
  AUTHOR = "Slagle, James R.",
  TITLE = "Automatic Theorem Proving with Built-In Theories Including Equality, Partial Ordering, and Sets",
  YEAR = "1972",
  JOURNAL = "Journal of the ACM",
  VOLUME = "19",
  NUMBER = "1",
  PAGES = "120--135",
}

@ARTICLE{Slagle1974JACM,
  AUTHOR = "Slagle, James R.",
  TITLE = "Automated Theorem-Proving for Theories with Simplifiers, Commutativity, and Associativity",
  YEAR = "1974",
  JOURNAL = "Journal of the ACM",
  VOLUME = "21",
  NUMBER = "4",
  PAGES = "622--642",
}

@INPROCEEDINGS{Waldmann2001IJCAR,
  AUTHOR = "Waldmann, Uwe",
  TITLE = "Superposition and Chaining for Totally Ordered Divisible Abelian Groups (Extended Abstract)",
  YEAR = "2001",
  EDITOR = "Gor{\'e}, Rajeev and Leitsch, Alexander and Nipkow, Tobias",
  BOOKTITLE = "Automated Reasoning, First International Joint Conference, IJCAR 2001",
  C-ADDRESS = "Siena, Italy",
  PAGES = "226--241",
  SERIES = "LNAI 2083",
  PUBLISHER = "Springer",
}

@ARTICLE{Waldmann2002aJSC,
  AUTHOR = "Waldmann, Uwe",
  TITLE = "Cancellative Abelian Monoids and Related Structures in Refutational Theorem Proving {(Part I)}",
  YEAR = "2002",
  JOURNAL = "Journal of Symbolic Computation",
  VOLUME = "33",
  NUMBER = "6",
  PAGES = "777--829",
}

@ARTICLE{Waldmann2002bJSC,
  AUTHOR = "Waldmann, Uwe",
  TITLE = "Cancellative Abelian Monoids and Related Structures in Refutational Theorem Proving {(Part II)}",
  YEAR = "2002",
  JOURNAL = "Journal of Symbolic Computation",
  VOLUME = "33",
  NUMBER = "6",
  PAGES = "831--861",
}

@ARTICLE{Waldmann2002abJSC,
  AUTHOR = "Waldmann, Uwe",
  TITLE = "Cancellative Abelian Monoids and Related Structures in Refutational Theorem Proving {(Part I \& II)}",
  YEAR = "2002",
  JOURNAL = "Journal of Symbolic Computation",
  VOLUME = "33",
  NUMBER = "6",
  PAGES = "777--829/831--861",
}

