@ARTICLE{KirchnerKirchnerRusinowitch1990RFIA,
  AUTHOR = "Kirchner, Claude and Kirchner, H{\'e}l{\`e}ne and Rusinowitch, Micha{\"e}l",
  TITLE = "Deduction with Symbolic Constraints",
  JOURNAL = "Revue d'Intelligence Artificielle",
  VOLUME = "4",
  NUMBER = "3",
  PAGES = "9--52",
  YEAR = "1990",
}

@INPROCEEDINGS{NieuwenhuisRubio1992CADE,
  AUTHOR = "Nieuwenhuis, Robert and Rubio, Albert",
  TITLE = "Theorem Proving with Ordering Constrained Clauses",
  YEAR = "1992",
  EDITOR = "Kapur, Deepak",
  BOOKTITLE = "11th International Conference on Automated Deduction",
  C-ADDRESS = "Saratoga Springs, New York, USA",
  PAGES = "477--491",
  SERIES = "LNAI 607",
  PUBLISHER = "Springer",
}

@INPROCEEDINGS{NieuwenhuisRubio1992ESOP,
  AUTHOR = "Nieuwenhuis, Robert and Rubio, Albert",
  TITLE = "Basic Superposition is Complete",
  YEAR = "1992",
  EDITOR = "Krieg-Br{\"u}ckner, Bernd",
  BOOKTITLE = "ESOP'92, 4th European Symposium on Programming",
  C-ADDRESS = "Rennes, France",
  PAGES = "371--389",
  SERIES = "LNCS 582",
  PUBLISHER = "Springer",
}

@INPROCEEDINGS{NieuwenhuisRubio1994CADE,
  AUTHOR = "Nieuwenhuis, Robert and Rubio, Albert",
  TITLE = "{AC}-superposition with constraints: no {AC}-unifiers needed",
  YEAR = "1994",
  EDITOR = "Bundy, Alan",
  BOOKTITLE = "Twelfth International Conference on Automated Deduction",
  C-ADDRESS = "Nancy, France",
  PAGES = "545--559",
  SERIES = "LNAI 814",
  PUBLISHER = "Springer",
}

@ARTICLE{NieuwenhuisRubio1995JSC,
  AUTHOR = "Nieuwenhuis, Robert and Rubio, Albert",
  TITLE = "Theorem Proving with Ordering and Equality Constrained Clauses",
  YEAR = "1995",
  JOURNAL = "Journal of Symbolic Computation",
  VOLUME = "19",
  NUMBER = "4",
  PAGES = "321--351",
}

