@inproceedings{lafont1987tapsoft,
  author    = {Jean{-}Yves Girard and
               Yves Lafont},
  title     = {Linear Logic and Lazy Computation},
  booktitle = {Theory
               and Practice of Software Development},
  pages     = {52--66},
  year      = {1987},
}

@article{mints1977closed,
  title={Closed categories and the theory of proofs},
  author={Mints, Grigorii Efroimovich},
  journal={Zapiski Nauchnykh Seminarov POMI},
  volume={68},
  pages={83--114},
  year={1977},
}

@article{bierman2000,
  title={On an intuitionistic modal logic},
  author={Bierman, Gavin M. and de Paiva, Valeria CV},
  journal={Studia Logica},
  volume={65},
  number={3},
  pages={383--416},
  year={2000},
  publisher={Kluwer Academic Publishers}
}
@article{prawitznatural,
  title={Natural Deduction: a proof-theoretical study. 1965},
  author={Prawitz, Dag},
  journal={Almquist and Wiksell}
}

@article{simpson1994phd,
  title={The proof theory and semantics of intuitionistic modal logic},
  author={Simpson, Alex K},
  year={1994},
  publisher={University of Edinburgh. College of Science and Engineering. School of Informatics.}
}


@incollection{Fisher-Servi:1981,
	Author = {G. Fisher-Servi},
	Booktitle = {Italian Studies in the Philosophy of Science},
	Edition = {1},
	Editor = {Dalla Chiara and Maria Luisa},
	Pages = {59-72},
	Publisher = {Springer Netherlands},
	Series = {Boston Studies in the Philosophy and History of Science},
	Title = {Semantics for a class of intuitionistic modal calculi},
	Volume = {47},
	Year = {1981}}
