@Article{SzChDLJ:LFI,
author = {Chlebowski, Szymon and Leszczy\'{n}ska-Jasion, Dorota},
title = {Dual {E}rotetic {C}alculi and the {M}inimal {LFI}},
journal = {accepted to Studia Logica},
year = {2015}
}

@Book{AW:2013,
author = {Wi\'{s}niewski, Andrzej},
title = {Questions, {I}nferences, and {S}cenarios},
publisher = {College Publications},
year = {2013},
address = {London}
}