@Article{WVL:2005,
author = {Wi\'{s}niewski, Andrzej and Vanackere, Guido and Leszczy\'{n}ska, Dorota},
title = {Socratic {P}roofs and {P}araconsistency: {A C}ase {S}tudy},
journal = {Studia Logica},
year = {2004},
volume = {80},
number = {2-3},
pages = {433--468}
}

@Article{SzChDLJ:LFI,
author = {Chlebowski, Szymon and Leszczy\'{n}ska-Jasion, Dorota},
title = {Dual {E}rotetic {C}alculi and the {M}inimal {LFI}},
journal = {accepted to Studia Logica},
year = {2015}
}

@Book{AW:2013,
author = {Wi\'{s}niewski, Andrzej},
title = {Questions, {I}nferences, and {S}cenarios},
publisher = {College Publications},
year = {2013},
address = {London}
}