@article{dePaiva:2005,
	Author = {Val\'e{}ria de Paiva and Luiz Pereira},
	Journal = {Manuscrito},
	Number = {2},
	Pages = {317--329},
	Title = {A Short Note on Intuitionistic Propositional Logic with Multiple Conclusions},
	Volume = {28},
	Year = {2005}}
