@article{Hyland:1993,
	Author = {Martin Hyland and Valeria de Paiva},
	Journal = {Annals of Pure and Applied Logic},
	Number = {3},
	Pages = {273 - 291},
	Title = {Full intuitionistic linear logic (extended abstract)},
	Volume = {64},
	Year = {1993}}

@phdthesis{dePaiva:1990,
	Author = {Valeria de Paiva},
	School = {University of Cambridge},
	Title = {The Dialectica Categories},
	Year = {1990}}

@unpublished{Eades:2015,
        Author = {Harley Eades III and Valeria de Paiva},
        Title = {Multiple Conclusion Intuitionistic Linear Logic and Cut Elimination},
        Note = {\url{http://metatheorem.org/papers/FILL-cut-report.pdf}}}

@article{Bierman:1996,
	Author = {Gavin Bierman},
	Journal = {Annals of Pure and Applied Logic},
	Number = {3},
	Pages = {281 - 287},
	Title = {A note on full intuitionistic linear logic},
	Volume = {79},
	Year = {1996}}

@article{Bellin:1997,
	Author = {Bellin, Gianluigi},
	Journal = {Mathematical Structures in Computer Science},
	Month = {12},
	Pages = {663--669},
	Title = {Subnets of proof-nets in multiplicative linear logic with MIX},
	Volume = {7},
	Year = {1997}}

@incollection{Brauner:1998,
	Author = {Bra\"uner, Torben and de Paiva, Valeria},
	Booktitle = {Computer Science Logic},
	Editor = {Nielsen, Mogens and Thomas, Wolfgang},
	Pages = {129-148},
	Publisher = {Springer Berlin Heidelberg},
	Series = {Lecture Notes in Computer Science},
	Title = {A formulation of linear logic based on dependency-relations},
	Volume = {1414},
	Year = {1998}}


@article{dePaiva:2006,
	Author = {Valeria de Paiva and Eike Ritter},
	Journal = {Theory and Applications of Categories},
	Number = {3},
	Pages = {127-152},
	Title = {A Parigot-style Linear Lambda-calculus for Full Intuitionistic Linear Logic},
	Volume = {17},
	Year = {2006}}
