@article{Gentzen1934,
year={1935},
issn={0025-5874},
journal={Mathematische Zeitschrift},
volume={39},
number={1},
doi={10.1007/BF01201353},
title={Untersuchungen \"{u}ber das logische Schlie\ss{}en. I},
url={http://dx.doi.org/10.1007/BF01201353},
publisher={Springer-Verlag},
author={Gentzen, Gerhard},
pages={176-210},
language={German}
}

@Book{ Takeuti1975,
author = { Takeuti, Gaisi, },
title = { Proof theory / Gaisi Takeuti },
isbn = { 0444104925 },
publisher = { North-Holland Pub. Co. ; American Elsevier Pub. Co Amsterdam : New York },
pages = { vii, 372 p. ; },
year = { 1975 },
type = { Book },
language = { English },
subjects = { Proof theory. },
life-dates = { 1975 -  },
catalogue-url = { http://nla.gov.au/nla.cat-vn2676521 },
}

@article{Girard1987,
  author    = {Jean{-}Yves Girard},
  title     = {Linear Logic},
  journal   = {Theoretical Computer Science},
  volume    = {50},
  pages     = {1--102},
  year      = {1987},
  url       = {http://dx.doi.org/10.1016/0304-3975(87)90045-4},
  doi       = {10.1016/0304-3975(87)90045-4},
  timestamp = {Wed, 07 Sep 2011 12:13:20 +0200},
  biburl    = {http://dblp.uni-trier.de/rec/bib/journals/tcs/Girard87},
  bibsource = {dblp computer science bibliography, http://dblp.org}
}