@article{castilho-farinas-gasquet-herzig.1997,
  author    = {Marcos A. Castilho and
               Luis Fari{\~{n}}as del Cerro and
               Olivier Gasquet and
               Andreas Herzig},
  title     = {Modal Tableaux with Propagation Rules and Structural Rules},
  journal   = {Fundam. Inform.},
  volume    = {32},
  number    = {3-4},
  pages     = {281--297},
  year      = {1997},
}
