@INPROCEEDINGS{BachmairGanzingerWaldmann1992ALP,
  AUTHOR = "Bachmair, Leo and Ganzinger, Harald and Waldmann, Uwe",
  TITLE = "Theorem Proving for Hierarchic First-Order Theories",
  YEAR = "1992",
  EDITOR = "Levi, Giorgio and Kirchner, H{\'e}l{\`e}ne",
  BOOKTITLE = "Algebraic and Logic Programming, Third International Conference",
  C-ADDRESS = "Volterra, Italy",
  PAGES = "420--434",
  SERIES = "LNCS 632",
  PUBLISHER = "Springer-Verlag",
}

@ARTICLE{BachmairGanzingerWaldmann1994AAECC,
  AUTHOR = "Bachmair, Leo and Ganzinger, Harald and Waldmann, Uwe",
  TITLE = "Refutational Theorem Proving for Hierarchic First-Order Theories",
  YEAR = "1994",
  JOURNAL = "Applicable Algebra in Engineering, Communication and Computing",
  VOLUME = "5",
  NUMBER = "3/4",
  PAGES = "193--212",
}

@INPROCEEDINGS{BaumgartnerWaldmann2013CADE,
  AUTHOR = "Baumgartner, Peter and Waldmann, Uwe",
  TITLE = "Hierarchic Superposition With Weak Abstraction",
  YEAR = "2013",
  EDITOR = "Bonacina, Maria Paola",
  BOOKTITLE = "Automated Deduction, CADE-24, 24nd International Conference on Automated Deduction",
  C-ADDRESS = "Lake Placid, NY, USA",
  PAGES = "39--57",
  SERIES = "LNAI 7898",
  PUBLISHER = "Springer-Verlag",
}

