@inproceedings{lafont1987tapsoft,
  author    = {Jean{-}Yves Girard and
               Yves Lafont},
  title     = {Linear Logic and Lazy Computation},
  booktitle = {Theory
               and Practice of Software Development},
  pages     = {52--66},
  year      = {1987},
}

@article{mints1977closed,
  title={Closed categories and the theory of proofs},
  author={Mints, Grigorii Efroimovich},
  journal={Zapiski Nauchnykh Seminarov POMI},
  volume={68},
  pages={83--114},
  year={1977},
}
