@article{AriolaHerbelin07,
  author      = {Zena M. Ariola and Hugo Herbelin},
  title       = {Control Reduction Theories: the Benefit of Structural
                 Substitution},
  journal     = {Journal of Functional Programming},
  publisher   = {Cambridge University Press},
  year        = {2008},
  volume      = {18},
  number      = {3},
  month       = {May},
  pages       = {373-419},
}

@inproceedings{FelFriKohDub86,
  author      = "Matthias Felleisen and Daniel P. Friedman and Eugene Kohlbecker and Bruce F. Duba",
  title       = "Reasoning with continuations",
  booktitle   = "First Symposium on Logic and Computer Science",
  pages       = "131-141",
  year        = "1986",
}

@inProceedings{Griffin90,
  author      = "Timothy G. Griffin",
  title       = "The Formulae-as-Types Notion of Control",
  booktitle   = "Conf.\ Record 17th Annual {ACM} Symp.\ on Principles of Programming Languages, {POPL} '90, San Francisco, {CA}, {USA}, 17-19 Jan 1990",
  publisher   = acm,
  pages       = "47--57",
  year        = "1990"
}

@incollection{deGroote94,
  author      = {Philippe de Groote},
  title       = {On the Relation between the lambda-mu Calculus and the Syntactic Theory of Sequential Control},
  year        = 1994,
  booktitle   = {Logic Programming and Automated Reasoning, Proc.\ of the 5th International Conference, LPAR'94},
  editor      = {F. Pfenning},
  publisher   = {Springer},
  address     = {Berlin, Heidelberg},
  pages       = {31-43},
}

@PhDThesis{HerbelinHdR,
  author      = {Hugo Herbelin},
  title       = {C'est maintenant qu'on calcule: au c{\oe}ur de la dualit\'e},
  school      = {University Paris 11},
  type        = {{Habilitation} thesis},
  month       = dec,
  year        = 2005
}

@manuscript{HerbelinSaurin10,
  author      = {Hugo Herbelin and Alexis Saurin},
  title       = {$\lambda$-calculus and $\Lambda$-calculus: a Capital Difference},
  year        = {2010},
  note        = {Manuscript}
}

@inproceedings{Parigot91,
  author      = {Michel Parigot},
  title       = {Free Deduction: An Analysis of "Computations" in Classical
                 Logic.},
  booktitle   = {Logic Programming, First Russian Conference on Logic Programming,
                 Irkutsk, Russia, September 14-18, 1990 - Second Russian
                 Conference on Logic Programming, St. Petersburg, Russia,
                 September 11-16, 1991, Proceedings},
  editor      = {Andrei Voronkov},
  year        = {1991},
  publisher   = {Springer},
  series      = {Lecture Notes in Computer Science},
  volume      = {592},
  pages       = {361-380},
  bibsource   = {DBLP, http://dblp.uni-trier.de}
}

@inProceedings{Parigot92,
  author      = "Michel Parigot",
  title       = "Lambda-mu-calculus: An algorithmic interpretation of classical natural deduction",
  booktitle   = "Logic Programming and Automated Reasoning:
               International Conference LPAR~'92 Proceedings, St. Petersburg,
Russia",
  publisher   = "Springer-Verlag",
  pages       = "190-201",
  year        = "1992"
}

@Book{Prawitz65,
  author      = "Dag Prawitz",
  title       = "Natural Deduction, a Proof-Theoretical Study",
  publisher   = "Almqvist and Wiksell, Stockholm",
  year        = "1965"
}

@article{Scheme98,
  title       = {Revised$^5$ Report on the Algorithmic Language Scheme},
  author      = {Kelsey, {(ed.)}, Richard and Clinger, {(ed.)}, William and Rees, (ed.), Jonathan and Hal Abelson and N. I. Adams IV and D. H. Bartley and G. Brooks and R. Kent Dybvig and Daniel P. Friedman and R. Halstead and Chris Hanson and Christopher T. Haynes and Eugene Kohlbecker and D. Oxley and Kent M. Pitman and Guillermo J. Rozas and Guy L. {Steele Jr.} and Gerald J. Sussman and Mitchell Wand},
  year        = 1998,
  journal     = {ACM SIGPLAN Notices},
  publisher   = ACM,
  volume      = 33,
  number      = 9,
  pages       = {26--76},
}

@article{PymRitter01,
  author      = "David Pym and Eike Ritter",
  title       = "On the Semantics of Classical Disjunction",
  journal     = "Journal of Pure and Applied Algebra",
  volume      = "159",
  pages       = "315-338",
  year        = "2001"
}

@article{Selinger01,
  author      = {Peter Selinger},
  title       = {Control categories and duality: on the categorical semantics
                 of the lambda-mu calculus},
  journal     = {Mathematical Structures in Computer Science},
  volume      = {11},
  number      = {2},
  year        = {2001},
  pages       = {207-260},
  bibsource   = {DBLP, http://dblp.uni-trier.de}
}
