@inproceedings{DBLP:conf/tlca/CousineauD07,
	author    = {Denis Cousineau and Gilles Dowek},
	title     = {Embedding Pure Type Systems in the Lambda-Pi-Calculus Modulo},
	booktitle = {Typed Lambda Calculi and Applications, 8th International Conference {(TLCA)}},
	pages     = {102--117},
	year      = {2007},
}
@unpublished{AliHOL,
  TITLE = {Translating HOL to Dedukti},
  AUTHOR = {A. Assaf and G. Burel},
  URL = {https://hal.archives-ouvertes.fr/hal-01097412},
  YEAR = {2014},
}
@inproceedings{Coqine,
  TITLE = {{CoqInE : Translating the calculus of inductive constructions
	  into the $\lambda\Pi$-calculus modulo.}},
  AUTHOR = {M. Boespflug and G. Burel},
  BOOKTITLE = {The Second International Workshop on Proof Exchange for Theorem Proving {(PxTP)}},
  YEAR = {2012},
}
@inproceedings{Resolution,
  TITLE = {{A Shallow Embedding of Resolution and Superposition Proofs into the $\lambda$$\Pi$-Calculus Modulo}},
  AUTHOR = {G. Burel},
  BOOKTITLE = {The Third International Workshop on Proof Exchange for Theorem Proving {(PxTP '13)}},
  YEAR = {2013},
}
@inproceedings{RaphaelSigma,
	author = {R. Cauderlier and C. Dubois},
	title = {{Objects and Subtyping in the $\lambda\Pi$-Calculus Modulo}},
        booktitle = {Post-proceedings of Types for Proofs and Programs {(TYPES '14)}},
	year = {2015}
}
@inproceedings{ModuloBeta,
        author = {R. Saillard},
        title = {Rewriting Modulo $\be$ in the $\la\Pi$-Calculus Modulo},
        booktitle = {11th International Workshop on Logical Frameworks and Meta-Languages: Theory and Practice (LFMTP)},
	year = {2015}
}
@misc{Dedukti,
	title	= {Dedukti},
	url 	= {http://dedukti.gforge.inria.fr},
	author	= {M. Boespflug and Q. Carbonneaux and O. Hermant and R. Saillard}
}
