@inproceedings{Herbelin94,
  author      = {Hugo Herbelin},
  title       = {A Lambda-Calculus Structure Isomorphic to {G}entzen-Style Sequent Calculus Structure},
  booktitle   = {Computer Science Logic, 8th International Workshop, CSL '94,
             Kazimierz, Poland, September 25-30, 1994, Selected Papers},
  editor      = {Leszek Pacholski and Jerzy Tiuryn},
  pages       = {61--75},
  publisher   = {Springer},
  series      = lncs,
  volume      = {933},
  year        = {1995},
  isbn        = {3-540-60017-5},
}

@PhDThesis{HerbelinPhD,
  author      = {Hugo Herbelin},
  title       = {S\'equents qu'on calcule: de l'interpr\'etation du calcul des
      s\'equents comme calcul de $\lambda$-termes et comme calcul de
      strat\'egies gagnantes},
  school      = {University Paris 7},
  type        = {{Ph.D.} thesis},
  month       = jan,
  year        = 1995
}

@Article{andreoli92jlc,
  author =       "Jean-Marc Andreoli",
  title =        "Logic Programming with Focusing Proofs in Linear
                 Logic",
  journal =      jlc,
  volume =       "2",
  number =       "3",
  pages =        "297--347",
  year =         "1992",
}

@InCollection{danos93wll,
  title =        "{LKT} and {LKQ}: sequent calculi for second order
                 logic based upon dual linear decompositions of
                 classical implication",
  author =       "V. Danos and J.-B. Joinet and H. Schellinx",
  booktitle =    "Advances in Linear Logic",
  year =         "1995",
  editor =       "J.-Y. Girard and Y. Lafont and L. Regnier",
  pages =        "211--224",
  publisher =    "Cambridge University Press",
  number =       "222",
  series =       "London Mathematical Society Lecture Note Series",
}

@Article{girard91mscs,
  author =       "Jean-Yves Girard",
  title =        "A new constructive logic: classical logic",
  journal =      "Math. Structures in Comp. Science",
  volume =       "1",
  year =         "1991",
  pages =        "255--296",
}
