@Article{lc,
  author  = {Jean-Yves Girard},
  title   = {A new constructive logic: classical logic},
  journal = {Mathematical Structures in Computer Science},
  year    = {1991},
  volume  = {1},
  number  = {3},
  pages   = {255--296}
}

@Article{ll,
  author  = {Jean-Yves Girard},
  title   = {Linear logic},
  journal = {Theoretical Computer Science},
  year    = {1987},
  volume  = {50},
  pages   = {1--102}
}

@article{focal,
  author  = {Jean-Marc Andreoli},
  title   = {Logic Programming with Focusing Proofs in Linear Logic},
  journal = {Journal of Logic and Computation},
  volume  = {2},
  number  = {3},
  pages   = {297--347},
  year    = {1992}
}

