@inproceedings{BakLenLes05,
  author      = {van Bakel, Steffen and
                 Stephane Lengrand and
                 Pierre Lescanne},
  title       = {The Language X: Circuits, Computations and Classical Logic},
  booktitle   = {Theoretical Computer Science, 9th Italian Conference, ICTCS
                 2005, Siena, Italy, October 12-14, 2005, Proceedings},
  publisher   = {Springer},
  editor      = {Mario Coppo and
                 Elena Lodi and
                 G. Michele Pinna},
  series      = lncs,
  volume      = {3701},
  year        = {2005},
  pages       = {81-96},
  ee          = {http://dx.doi.org/10.1007/11560586_8},
  isbn        = {3-540-29106-7},
}

@inproceedings{CurienHerbelin00,
  author      = {Pierre-Louis Curien and Hugo Herbelin},
  title       = {The duality of computation},
  booktitle   = {Proceedings of the Fifth ACM SIGPLAN International Conference
      on Functional Programming, ICFP 2000, Montreal, Canada,
      September 18-21, 2000},
  pages       = {233--243},
  publisher   = {ACM},
  series      = {SIGPLAN Notices 35(9)},
  year        = {2000},
  isbn        = {1-58113-202-6}
}

@incollection{DanJoiSch95,
  author      = {Vincent Danos and Jean-Baptiste Joinet and Harold Schellinx},
  title       = {{LKQ} and {LKT}: sequent calculi for second order logic 
                 based upon dual linear decompositions of the
                 classical implication},
  booktitle   = {Advances in Linear Logic},
  editors     = {J-Y. Girard and Y. Lafont and L. Regnier},
  collection  = {London Mathematical Society Lecture Notes},
  volume      = 222,
  pages       = {211-224},
  publisher   = {Cambridge University Press},
  year        = 1995,
}

## Computational classical logic, Linear logic
@article{DanJoiSch97,
  author      = {Vincent Danos and Jean-Baptiste Joinet and Harold Schellinx},
  title       = "A new deconstructive logic: Linear Logic",
  journal     = jsl,
  volume      = 62,
  number      = 3,
  pages       = {755-807},
  year        = 1997,
}

@Article{Gentzen1935,
  author      = {Gerhard Gentzen},
  title       = {Untersuchungen \"uber das logische {S}chlie{\ss}en},
  journal     = {Mathematische Zeitschrift},
  year        = 1935,
  volume      = 39,
  pages       = {176--210,405--431},
  note        = {English Translation in~\cite{Szabo69},
                ``Investigations into logical deduction'', pages 68-131}
}

@inproceedings{Herbelin94,
  author      = {Hugo Herbelin},
  title       = {A Lambda-Calculus Structure Isomorphic to {G}entzen-Style Sequent Calculus Structure},
  booktitle   = {Computer Science Logic, 8th International Workshop, CSL '94,
             Kazimierz, Poland, September 25-30, 1994, Selected Papers},
  editor      = {Leszek Pacholski and Jerzy Tiuryn},
  pages       = {61--75},
  publisher   = {Springer},
  series      = lncs,
  volume      = {933},
  year        = {1995},
  isbn        = {3-540-60017-5},
}

@PhDThesis{HerbelinPhD,
  author      = {Hugo Herbelin},
  title       = {S\'equents qu'on calcule: de l'interpr\'etation du calcul des
      s\'equents comme calcul de $\lambda$-termes et comme calcul de
      strat\'egies gagnantes},
  school      = {University Paris 7},
  type        = {{Ph.D.} thesis},
  month       = jan,
  year        = 1995
}

@PhDThesis{HerbelinHdR,
  author      = {Hugo Herbelin},
  title       = {C'est maintenant qu'on calcule: au c{\oe}ur de la dualit\'e},
  school      = {University Paris 11},
  type        = {{Habilitation} thesis},
  month       = dec,
  year        = 2005
}


@inproceedings{DownenAriola14,
  author    = {Paul Downen and
               Zena M. Ariola},
  title     = {The Duality of Construction},
  booktitle = {Programming Languages and Systems - 23rd European Symposium on Programming,
               {ESOP} 2014, Held as Part of the European Joint Conferences on Theory
               and Practice of Software, {ETAPS} 2014, Grenoble, France, April 5-13,
               2014, Proceedings},
  editor    = {Zhong Shao},
  series    = {Lecture Notes in Computer Science},
  volume    = {8410},
  publisher = {Springer},
  pages     = {249--269},
  year      = {2014},
}

@article{KimuraTatsuta13,
  author    = {Daisuke Kimura and
               Makoto Tatsuta},
  title     = {Call-by-Value and Call-by-Name Dual Calculi with Inductive and Coinductive
               Types},
  journal   = {Logical Methods in Computer Science},
  volume    = {9},
  number    = {1},
  year      = {2013},
  url       = {http://dx.doi.org/10.2168/LMCS-9(1:14)2013},
  doi       = {10.2168/LMCS-9(1:14)2013},
  timestamp = {Mon, 28 Oct 2013 16:56:55 +0100},
  biburl    = {http://dblp.uni-trier.de/rec/bib/journals/corr/abs-1302-5765},
  bibsource = {dblp computer science bibliography, http://dblp.org}
}



@inproceedings{Kikuchi04,
  author    = {Kentaro Kikuchi},
  title     = {A Direct Proof of Strong Normalization for an Extended Herbelin?s
               Calculus},
  booktitle = {Functional and Logic Programming, 7th International Symposium, {FLOPS}
               2004, Nara, Japan, April 7-9, 2004, Proceedings},
  pages     = {244--259},
  year      = {2004},
  editor    = {Yukiyoshi Kameyama and
               Peter J. Stuckey},
  series    = {Lecture Notes in Computer Science},
  volume    = {2998},
  publisher = {Springer},
}

@inproceedings{Munch-Maccagnoni09,
  author    = {Guillaume Munch{-}Maccagnoni},
  title     = {Focalisation and Classical Realisability},
  booktitle = {Computer Science Logic, 23rd international Workshop, {CSL} 2009, 18th
               Annual Conference of the EACSL, Coimbra, Portugal, September 7-11,
               2009. Proceedings},
  editor    = {Erich Gr{\"{a}}del and
               Reinhard Kahle},
  series    = {Lecture Notes in Computer Science},
  volume    = {5771},
  publisher = {Springer},
  pages     = {409--423},
  year      = {2009},
  url       = {http://dx.doi.org/10.1007/978-3-642-04027-6_30},
  doi       = {10.1007/978-3-642-04027-6_30},
}

@PhDThesis{UrbanPhD,
  author      = {Christian Urban},
  title       = {Classical Logic and Computation},
  school      = {University of Cambridge},
  type        = {{Ph.D.} Thesis},
  year        = {2000},
  month       = Oct,
}

@inproceedings{Wadler03,
  author      = "Philip Wadler",
  title       = "Call-by-value is dual to call-by-name",
  pages       = "189-201",
  booktitle   = {Proceedings of the Eighth ACM SIGPLAN International Conference
                 on Functional Programming, ICFP 2003, Uppsala, Sweden, August
                 25-29, 2003},
  editor      = {Colin Runciman and Olin Shivers},
  series      = "SIGPLAN Notices",
  volume      = "38(9)",
  publisher   = {ACM},
  year        = {2003},
  isbn        = {1-58113-756-7},
  bibsource   = {DBLP, http://dblp.uni-trier.de}
}

@inproceedings{Wadler05,
  author      = {Philip Wadler},
  title       = {Call-by-Value Is Dual to Call-by-Name - Reloaded},
  editor      = {J{\"u}rgen Giesl},
  booktitle   = {Term Rewriting and Applications, 16th International Conference,
               RTA 2005, Nara, Japan, April 19-21, 2005, Proceedings},
  publisher   = {Springer},
  series      = {Lecture Notes in Computer Science},
  volume      = {3467},
  year        = {2005},
  pages       = {185-203},
  isbn        = {3-540-25596-6},
  ee          = {http://springerlink.metapress.com/openurl.asp?genre=article{\&}issn=0302-9743{\&}volume=3467{\&}spage=185},
}
