@article{girard1987tcs,
  author    = {Jean{-}Yves Girard},
  title     = {Linear Logic},
  journal   = {Theor. Comput. Sci.},
  volume    = {50},
  pages     = {1--102},
  year      = {1987},
  url       = {http://dx.doi.org/10.1016/0304-3975(87)90045-4},
  doi       = {10.1016/0304-3975(87)90045-4},
  timestamp = {Wed, 07 Sep 2011 12:13:20 +0200},
  biburl    = {http://dblp.uni-trier.de/rec/bib/journals/tcs/Girard87},
  bibsource = {dblp computer science bibliography, http://dblp.org}
}
