@book{Luo:94,
  author = {Luo, Zhaohui},
  year   = {1994},
  title  = {Computation and Reasoning. A Type Theory for Computer Science},
  address = {Oxford, UK},
  publisher = {Clarendon Press}
}

@book{NPS:90,
  author = {Nordstr\"om, B. and Petersson, G. and Smith, J.},
  year   = {1990},
  title  = {Programming in Martin-L\"of's Type Theory: An Introduction},
  address = {Oxford, UK},
  publisher = {Oxford University Press}
}

@ARTICLE{Luo:96,
author = {Luo, Z.},
year = {1996},
title = {Coercive subtyping in type theory},
journal = {Journal of Logic and Computation},
volume = {9},
number = {1},
pages = {105-130}
}

@ARTICLE{Luo:99,
author = {Luo, Z.},
year = {1999},
title = {Coercive subtyping},
journal = {Journal of Logic and Computation},
volume = {9},
number = {1},
pages = {105-130}
}

@ARTICLE{SolLuo:02,
author = {Soloviev, S. and Luo, Z.},
year = {2002},
title = {Coercion Completion and Conservativity in Coercive Subtyping},
journal = {Annals of Pure and Applied Logic},
volume = {113},
number = {1-3},
pages = {297 - 322}
}

@ARTICLE{LuoSolXue:13,
author = {Luo, Z. and Soloviev, S. and Xue, T.},
year = {2013},
title = {Coercive Subtyping: Theory and Implementation},
journal = {Information and Computation},
volume = {223},
number = {},
pages = {18-42}
}

@PhdThesis{HG:94,
  author =  "H. Goguen",
  title =   "A Typed Operational Semantics for Type Theory",
  school =  "University of Edinburgh",
  year =    "1994",
  OPTaddress =  "",
  OPTmonth =    "",
  OPTnote =     ""
}

@Article{jls:TYPES96,
  author =   "A. Jones and Z. Luo and S. Soloviev",
  title =    "Some proof-theoretic and algorithmic aspects of
          coercive subtyping",
  OPTcrossref =  "",
  OPTkey =   "",
  journal =      "LNCS"  ,
  year =     "1998",
  OPTvolume =    "1512",
  OPTnumber =    "",
  OPTpages =     "",
  OPTmonth =     "",
  note =     "Proc. of the Annual Conf on Types and Proofs (TYPES'96)",
  OPTannote =    ""
}

@Article{luo96:CSL,
  author =   "Zhaohui Luo",
  title =    "Coercive subtyping in type theory",
  OPTcrossref =  "",
  OPTkey =   "",
  journal =      "LNCS"  ,
  year =     "1997",
  OPTvolume =    "1258",
  OPTnumber =    "",
  OPTpages =     "",
  OPTmonth =     "",
  note =     "Proc. of CSL'96",
  OPTannote =    ""
}
