@Article{DLJ:2004,
author = {Leszczy\'{n}ska, Dorota},
title = {Socratic {P}roofs for some {N}ormal {M}odal {P}ropositional {L}ogics},
journal = {Logique et Analyse},
year = {2004},
volume = {47},
number = {185-188},
pages = {259--285}
}

@Book{DLJ:2007,
author = {Leszczy\'{n}ska-Jasion, Dorota},
title = {The {M}ethod of {S}ocratic {P}roofs for {N}ormal {M}odal {P}ropositional {L}ogics},
publisher = {Adam Mickiewicz University Press},
year = {2007},
address = {Pozna\'{n}}
}