@article{Maehara1954,
  title = "Eine Darstellung der intuitionistischen Logik in der klassischen",
  author = "Maehara, Sh\^{o}ji",
  fjournal = "Nagoya Mathematical Journal",
  journal = "Nagoya Math. J.",
  pages = "45--64",
  publisher = "Duke University Press",
  volume = "7",
  year = "1954"
}

@book{Takeuti1987,
  title={Proof Theory},
  author={Takeuti, Gaisi},
  isbn={9780444879431},
  lccn={86004489},
  series={Studies in logic and the foundations of mathematics},
  year={1987},
  publisher={North-Holland}
}

@article{Nadathur1998,
  author    = {Gopalan Nadathur},
  title     = {Correspondences between {C}lassical, {I}ntuitionistic and {U}niform {P}rovability},
  journal   = {CoRR},
  volume    = {cs.LO/9809015},
  year      = {1998},
  timestamp = {Mon, 05 Dec 2011 18:05:28 +0100},
  biburl    = {http://dblp.uni-trier.de/rec/bib/journals/corr/cs-LO-9809015},
  bibsource = {dblp computer science bibliography, http://dblp.org}
}
