@article{bledsoe:71,
        Author = {Bledsoe W. W.},
        Journal = {Artificial Intelligence},
        Pages = {55-77},
      Title = {Splitting and reduction heuristics in automatic theorem proving},
        Volume = {2},
        Year = {1971}}
}

@article{bledsoe77,
        Author = {Bledsoe W. W.},
        Journal = {Artificial Intelligence},
        Pages = {1-35},
        Title = {Non-resolution theorem proving},
        Volume = {9},
        Year = {1977}
}

@article{pastre:1989,
	Author = {Pastre D.},
	Journal = {Artificial Intelligence},
	Pages = {257-318},
	Title = {MUSCADET : An Automatic Theorem Proving System using Knowledge and Metaknowledge in Mathematics},
	Volume = {38},
	Number = {3},
	Year = {1989}
}

@article{pastre:1993,
	Author = {Pastre D.},
	Journal = {Annals on Artificial Intelligence and Mathematics},
	Pages = {425-447},
	Title = {Automated Theorem Proving in Mathematics},
	Volume = {8},
	Number = {3-4},
	Year = {1993}
}

@manual{pastre:2011,
        Author = {Pastre D.},
        Pages = {1-22},
        Title = {Muscadet version 4.1 : user's manual},
        Year = {2011},
URL = {http://www.normalesup.org/~pastre/muscadet/manual-en.pdf}
}



