@ARTICLE{Brand1975SIAMJC,
  AUTHOR = "Brand, D.",
  TITLE = "Proving Theorems with the Modification Method",
  YEAR = "1975",
  JOURNAL = "SIAM Journal on Computing",
  VOLUME = "4",
  NUMBER = "4",
  PAGES = "412--430",
}

@INCOLLECTION{RobinsonWos1969,
  AUTHOR = "Robinson, G[eorge] and Wos, L[arry]",
  TITLE = "Paramodulation and Theorem-proving in First-Order Theories with Equality",
  YEAR = "1969",
  EDITOR = "Meltzer, Bernard and Michie, Donald",
  BOOKTITLE = "Machine Intelligence 4",
  CHAPTER = "8",
  PAGES = "135--150",
  PUBLISHER = "Edinburgh University Press",
  C-ADDRESS = "Edinburgh, United Kingdom",
  C-NOTE = "Reprinted in Siekmann and Wrightson~\cite{SiekmannWrightson1983a}, pp.~298--313",
}

