@article{Girard,
  author = {J-Y. Girard},
  title = {Linear Logic},
  journal = {Theoretical Computer Science},
  year = {1987},
  volume = {50},
  pages = {1--202}
}

@article{DanosRegnier,
  author = {V.~Danos and L.~Regnier},
  title = {The structure of multiplicatives},
  journal = {Arch. Math. Logic},
  year = {1989},
  volume = {28}
}

@inproceedings{BellinDeWiele,
  author = { G.~Bellin and J.~van de Wiele },
  title = { Subnets of Proof-nets in $\mathbf{MLL}^-$ },
  booktitle = {Advances in Linear Logic},
  publisher = {London Math. Soc. L.N.S. 222 CUP},
  pages = { 249--270 },
  year = { 1995 }
}

@inproceedings{Guerrini,
  author = { S.~Guerrini },
  title = { Correctness of multiplicative proof-nets is linear },
  booktitle = {LICS},
  pages = { 454--463 },
  year = { 1999 }
}
