@ARTICLE{DavisPutnam1960JACM,
  AUTHOR = "Davis, Martin and Putnam, Hilary",
  TITLE = "A Computing Procedure for Quantification Theory",
  YEAR = "1960",
  JOURNAL = "Journal of the ACM",
  VOLUME = "7",
  PAGES = "201--215",
  C-NOTE = "Reprinted in Siekmann and Wrightson~\cite{SiekmannWrightson1983}, pp.~125--139",
}

@ARTICLE{Robinson1965JACM,
  AUTHOR = "Robinson, John Alan",
  TITLE = "A Machine-Oriented Logic Based on the Resolution Principle",
  YEAR = "1965",
  JOURNAL = "Journal of the ACM",
  VOLUME = "12",
  NUMBER = "1",
  PAGES = "23--41",
}

