@article{farinas.1982,
  author    = {Luis Fari{\~{n}}as del Cerro},
  title     = {A Simple Deduction Method for Modal Logic},
  journal   = {Inf. Process. Lett.},
  volume    = {14},
  number    = {2},
  pages     = {49--51},
  year      = {1982},
}
@article{enjalbert-farinas.1989,
  author    = {Patrice Enjalbert and
               Luis Fari{\~{n}}as del Cerro},
  title     = {Modal Resolution in Clausal Form},
  journal   = {Theor. Comput. Sci.},
  volume    = {65},
  number    = {1},
  pages     = {1--33},
  year      = {1989},
}
@article{cialdea.1991,
  author    = {Marta Cialdea},
  title     = {Resolution for Some First-Order Modal Systems},
  journal   = {Theor. Comput. Sci.},
  volume    = {85},
  number    = {2},
  pages     = {213--229},
  year      = {1991},
}
@inproceedings{abadi-manna.1985,
  author    = {Mart{\'{\i}}n Abadi and
               Zohar Manna},
  title     = {Nonclausal Temporal Deduction},
  editor    = {Rohit Parikh},
  booktitle = {Logics of Programs},
  pages     = {1--15},
  year      = {1985},
  series    = {LNCS},
  volume    = {193},
  publisher = {Springer},
}
@inproceedings{bieber-farinas-herzig.1988,
  author    = {Pierre Bieber and
               Luis Fari{\~{n}}as del Cerro and
               Andreas Herzig},
  title     = {{MOLOG:} a Modal {PROLOG}},
  editor    = {Ewing L. Lusk and
               Ross A. Overbeek},
  booktitle = {CADE 9},
  pages     = {762--763},
  series    = {LNCS},
  volume    = {310},
  publisher = {Springer},
  year      = {1988},
}
