@INPROCEEDINGS{BachmairGanzinger1990CTRS,
  AUTHOR = "Bachmair, Leo and Ganzinger, Harald",
  TITLE = "Completion of First-Order Clauses with Equality by Strict Superposition (Extended Abstract)",
  YEAR = "1990",
  EDITOR = "Kaplan, St{\'e}phane and Okada, Mitsuhiro",
  BOOKTITLE = "Conditional and Typed Rewriting Systems, 2nd International Workshop",
  C-ADDRESS = "Montreal, Canada",
  PAGES = "162--180",
  SERIES = "LNCS 516",
  PUBLISHER = "Springer-Verlag",
}

