@inproceedings{DBLP:conf/tableaux/IshigakiK07,
  author    = {Ryo Ishigaki and
               Kentaro Kikuchi},
  title     = {Tree-Sequent Methods for Subintuitionistic Predicate Logics},
  booktitle = {TABLEAUX},
  year      = {2007},
  pages     = {149-164},
  ee        = {http://dx.doi.org/10.1007/978-3-540-73099-6_13},
  bibsource = {DBLP, http://dblp.uni-trier.de}
}

@inproceedings{DBLP:conf/fossacs/CloustonG15,
  author    = {Ranald Clouston and
               Rajeev Gor{\'{e}}},
  title     = {Sequent Calculus in the Topos of Trees},
  booktitle = {Proc.\ Foundations of Software Science and Computation Structures - 18th
               International Conference, FoSSaCS 2015},
  pages     = {133--147},
  year      = {2015}
}

@article{DBLP:journals/jsyml/CorsiT07,
  author    = {Giovanna Corsi and
               Gabriele Tassi},
  title     = {Intuitionistic logic freed of all metarules},
  journal   = {J. Symb. Log.},
  volume    = {72},
  number    = {4},
  year      = {2007},
  pages     = {1204-1218},
  ee        = {http://projecteuclid.org/euclid.jsl/1203350782},
  bibsource = {DBLP, http://dblp.uni-trier.de}
}

@article{DBLP:journals/jar/Fiorino01,
  author    = {Guido Fiorino},
  title     = {An {O}(n{\,}log{\,}n)-SPACE Decision Procedure for the Propositional
               {D}ummett Logic},
  journal   = {J. Autom. Reason.},
  volume    = 27,
  number    = 3,
  year      = 2001,
  pages     = {297-311},
  ee        = {http://dx.doi.org/10.1023/A:1017515831550},
  bibsource = {DBLP, http://dblp.uni-trier.de}
}

@article{dummett-logic,
  author    = {Dummett, M.},
  title     = {A propositional calculus with a denumerable matrix},
  journal   = {J. Symb. Log.},
  volume    = 24,
  year      = 1959,
  pages     = {96--107}
}


@article{DBLP:journals/logcom/BaazCF03,
  author    = {Matthias Baaz and
               Agata Ciabattoni and
               Christian G. Ferm{\"u}ller},
  title     = {Hypersequent Calculi for {G}{\"o}del Logics - a Survey},
  journal   = {J. Log. Comput.},
  volume    = {13},
  number    = {6},
  year      = {2003},
  pages     = {835-861},
  ee        = {http://dx.doi.org/10.1093/logcom/13.6.835},
  bibsource = {DBLP, http://dblp.uni-trier.de}
}

@article{DBLP:journals/sLogica/AvronK01,
  author    = {Arnon Avron and
               Beata Konikowska},
  title     = {Decomposition Proof Systems for {G}{\"o}del-{D}ummett Logics},
  journal   = {Studia Logica},
  volume    = {69},
  number    = {2},
  year      = {2001},
  pages     = {197-219},
  ee        = {http://dx.doi.org/10.1023/A:1013813806341},
  bibsource = {DBLP, http://dblp.uni-trier.de}
}

@article{DBLP:journals/jar/Larchey-Wendling07,
  author    = {Dominique Larchey-Wendling},
  title     = {Graph-based Decision for {G}{\"o}del-{D}ummett Logics},
  journal   = {J. Autom. Reason.},
  volume    = {38},
  number    = {1-3},
  year      = {2007},
  pages     = {201-225},
  ee        = {http://dx.doi.org/10.1007/s10817-006-9047-9},
  bibsource = {DBLP, http://dblp.uni-trier.de}
}

@inproceedings{DBLP:conf/csl/MetcalfeOG03,
  author    = {George Metcalfe and
               Nicola Olivetti and
               Dov M. Gabbay},
  title     = {Goal-Directed Calculli for {G}{\"o}del-{D}ummett Logics},
  booktitle = {CSL},
  year      = {2003},
  pages     = {413-426},
  ee        = {http://dx.doi.org/10.1007/978-3-540-45220-1_33},
  bibsource = {DBLP, http://dblp.uni-trier.de}
}

@article{DBLP:journals/igpl/Dyckhoff99,
  author    = {Roy Dyckhoff},
  title     = {A Deterministic Terminating Sequent Calculus for {G}{\"o}del-{D}ummett
               logic},
  journal   = {Log. J. IGPL},
  volume    = {7},
  number    = {3},
  year      = {1999},
  pages     = {319-326},
  ee        = {http://dx.doi.org/10.1093/jigpal/7.3.319},
  bibsource = {DBLP, http://dblp.uni-trier.de}
}

@article{DBLP:journals/sLogica/BaazFSZ98,
  author    = {Matthias Baaz and
               Christian G. Ferm{\"u}ller and
               Gernot Salzer and
               Richard Zach},
  title     = {Labeled Calculi and Finite-Valued Logics},
  journal   = {Studia Logica},
  volume    = {61},
  number    = {1},
  year      = {1998},
  pages     = {7-33},
  ee        = {http://dx.doi.org/10.1023/A:1005022012721},
  bibsource = {DBLP, http://dblp.uni-trier.de}
}

@inproceedings{DBLP:conf/tableaux/BaazF99,
  author    = {Matthias Baaz and
               Christian G. Ferm{\"u}ller},
  title     = {Analytic Calculi for Projective Logics},
  booktitle = {TABLEAUX},
  year      = {1999},
  pages     = {36-50},
  ee        = {http://dx.doi.org/10.1007/3-540-48754-9_8},
  bibsource = {DBLP, http://dblp.uni-trier.de}
}

@article{DBLP:journals/sLogica/Corsi92,
  author    = {Giovanna Corsi},
  title     = {Completeness Theorem for {D}ummett's {LC} Quantified and Some
               of Its Extensions},
  journal   = {Studia Logica},
  volume    = {51},
  number    = {2},
  year      = {1992},
  pages     = {317-336},
  ee        = {http://dx.doi.org/10.1007/BF00370118},
  bibsource = {DBLP, http://dblp.uni-trier.de}
}

@article{Corsi89,
  author    = {Giovanna Corsi},
  title     = {A cut-free calculus for Dummett's LC quantified},
  journal   = {Zeitschr.\ f.\ math.\ Logik und Grundlagen d.\ Math.},
  volume    = {35},
  year      = {1989},
  pages     = {289-301}
}

@Book{boolos-provability-logic,
  author =   {George Boolos},
  title =    {The logic of provability},
  publisher =    {CUP},
  year =   1995
}

@article{DBLP:journals/aml/DyckhoffN12,
  author    = {Roy Dyckhoff and
               Sara Negri},
  title     = {Proof analysis in intermediate logics},
  journal   = {Arch. Math. Log.},
  volume    = {51},
  number    = {1-2},
  year      = {2012},
  pages     = {71-92},
  ee        = {http://dx.doi.org/10.1007/s00153-011-0254-7},
  bibsource = {DBLP, http://dblp.uni-trier.de}
}

@article{DBLP:journals/corr/abs-1206-4458,
  author    = {Guido Fiorino},
  title     = {Terminating Calculi for Propositional {D}ummett Logic with
               Subformula Property},
  journal   = {J. Autom. Reason.},
  volume    = {52},
   number ={1},
  year      = {2014},
  pages = {67--97}
}

@article{DBLP:journals/jar/FerrariFF13,
  author    = {Mauro Ferrari and
               Camillo Fiorentini and
               Guido Fiorino},
  title     = {Contraction-Free Linear Depth Sequent Calculi for Intuitionistic
               Propositional Logic with the Subformula Property and Minimal
               Depth Counter-Models},
  journal   = {J. Autom. Reason.},
  volume    = {51},
  number    = {2},
  year      = {2013},
  pages     = {129-149},
  ee        = {http://dx.doi.org/10.1007/s10817-012-9252-7},
  bibsource = {DBLP, http://dblp.uni-trier.de}
}

@InCollection{wolter-zakharyaschev-iml,
  author =   {F. Wolter and M. Zakharyaschev},
  title =    {Intuitionistic modal logics},
  booktitle =    {Logic and Foundations of Mathematics},
  pages =    {227--238},
  year =   1999
}

@Book{troelstra-schwichtenberg-basic,
  author =   {Annes Troelstra and Helmut Schwichtenberg},
  title =    {Basic Proof Theory},
  publisher =    {CUP},
  year =   1996
}

@inproceedings{DBLP:conf/lics/Lahav13,
  author    = {Ori Lahav},
  title     = {From Frame Properties to Hypersequent Rules in Modal Logics},
  booktitle = {LICS},
  year      = {2013},
  pages     = {408-417},
  ee        = {http://doi.ieeecomputersociety.org/10.1109/LICS.2013.47},
  bibsource = {DBLP, http://dblp.uni-trier.de}
}

@inproceedings{DBLP:conf/lics/GargGN12,
  author    = {Deepak Garg and
               Valerio Genovese and
               Sara Negri},
  title     = {Countermodels from Sequent Calculi in Multi-Modal Logics},
  booktitle = {LICS},
  year      = {2012},
  pages     = {315-324},
  ee        = {http://dx.doi.org/10.1109/LICS.2012.42},
  bibsource = {DBLP, http://dblp.uni-trier.de}
}

@Article{restall-subintuitionistic-logics,
  author =   {Greg Restall},
  title =    {Subintuitionistic Logics},
  journal =    {NDJFL},
  year =   1994,
  volume =   34,
  number =   1,
  pages =    {116-129}
}

@Book{chagrov-zakharyaschev-modal-logic,
  author =   {Alexander Chagrov and Michael Zakharyaschev},
  title =    {Modal Logic},
  publisher =    {OUP},
  year =   1997}

@inproceedings{Appel:Very,
  title={A very modal model of a modern, major, general type system},
  author={Appel, Andrew W and Melli{\`e}s, Paul-Andr{\'e} and Richards, Christopher D and Vouillon, J{\'e}r{\^o}me},
  booktitle={POPL},
  pages={109--122},
  year={2007}
}

@incollection{Bengtson:Verifying,
  title={Verifying object-oriented programs with higher-order separation logic in {C}oq},
  author={Bengtson, Jesper and Jensen, Jonas Braband and Sieczkowski, Filip and Birkedal, Lars},
  booktitle={ITP},
  pages={22--38},
  year={2011}
}

@article{Birkedal:First,
  title={First steps in synthetic guarded domain theory: step-indexing in the topos of trees},
  author={Birkedal, Lars and M{\o}gelberg, Rasmus Ejlers and Schwinghammer, Jan and St{\o}vring, Kristian},
  journal={LMCS},
  volume=8,
  number=4,
  year={2012}
}

@inproceedings{Birkedal:FirstLICS,
  title={First steps in synthetic guarded domain theory: step-indexing in the topos of trees},
  author={Birkedal, Lars and M{\o}gelberg, Rasmus Ejlers and Schwinghammer, Jan and St{\o}vring, Kristian},
  booktitle={LICS},
  pages={55--64},
  year={2011}
}

@inproceedings{Birkedal:Intensional,
  title={Intensional Type Theory with Guarded Recursive Types qua Fixed Points on Universes},
  author={Birkedal, Lars and M{\o}gelberg, Rasmus Ejlers},
  booktitle={LICS},
  year={2013},
  pages={213--222}
}

@article{Birkedal:Metric,
  title={A metric model of lambda calculus with guarded recursion},
  author={Birkedal, Lars and Schwinghammer, Jan and St{\o}vring, Kristian},
  journal={FICS},
  pages={19--25},
  year={2010}
}

@inproceedings{Dreyer:Logical,
  title={Logical step-indexed logical relations},
  author={Dreyer, Derek and Ahmed, Amal and Birkedal, Lars},
  booktitle={LICS},
  pages={71--80},
  year={2009}
}

@inproceedings{Griffin:Formulae,
  title={A formulae-as-type notion of control},
  author={Griffin, Timothy G},
  booktitle={POPL},
  pages={47--58},
  year={1990}
}

@incollection{Hirai:Lambda,
  title={A Lambda Calculus for {G}{\"o}del--{D}ummett Logic Capturing Waitfreedom},
  author={Hirai, Yoichi},
  booktitle={FLOPS},
  pages={151--165},
  year={2012}
}


@incollection{Hobor:Oracle,
  title={Oracle semantics for concurrent separation logic},
  author={Hobor, Aquinas and Appel, Andrew W and Nardelli, Francesco Zappa},
  booktitle={ESOP},
  pages={353--367},
  year={2008}
}

@inproceedings{Krishnaswami:Ultrametric,
  title={Ultrametric semantics of reactive programs},
  author={Krishnaswami, Neelakantan R and Benton, Nick},
  booktitle={LICS},
  pages={257--266},
  year={2011}
}

@inproceedings{Krishnaswami:Semantic,
  title={A semantic model for graphical user interfaces},
  author={Krishnaswami, Neelakantan R and Benton, Nick},
  booktitle={ICFP},
  pages={45--57},
  year={2011}
}

@article{Kuznetsov:Proof,
  title={The proof-intuitionistic logic},
  author={Kuznetsov, AV},
  journal={Modal Intensional Logics},
  pages={75--79},
  year={1978},
  note = {(in Russian)}
}

@unpublished{Litak:Constructive,
  author={Tadeusz Litak},
  title={Constructive modalities with provability smack},
  note={{T}rends in Logic, to appear}
}

@inproceedings{Litak:Typing,
  author={Tadeusz Litak},
  title={A typing system for the modalized {H}eyting calculus},
  booktitle={COS},
  year = 2013
}

@article{Milius:Guard,
  title={Guard Your Daggers and Traces: On The Equational Properties of Guarded (Co-) recursion},
  author={Milius, Stefan and Litak, Tadeusz},
  journal={arXiv:1309.0895},
  year={2013}
}

@unpublished{Muravitsky:Logic,
  author={Alexei Muravitsky},
  title={Logic {KM}: A Biography},
  note={{T}rends in Logic, to appear}
}


@article{kuznetsov-muravitsky-superintuitionistic,
  title={On Superintuitionistic Logics as Fragments of Proof Logic Extensions},
  author={A. V. Kuznetsov and A. Yu. Muravitsky},
  journal={Studia Logica: An International Journal for Symbolic Logic},
  pages = {77--99},
  volume={45}, 
  number={1},
  year={1986}
}


@inproceedings{Nakano:Modality,
  title={A modality for recursion},
  author={Nakano, Hiroshi},
  booktitle={LICS},
  pages={255--266},
  year={2000}
}

@inproceedings{Pottier:Typed,
  title={A typed store-passing translation for general references},
  author={Pottier, Fran{\c{c}}ois},
  booktitle={POPL},
  pages={147--158},
  year={2011}
}

@unpublished{Rowe:Semantic,
  title={Semantic Types for Class-based Objects},
  author={Rowe, Reuben NS},
  note = {submitted}
}