@Book{AW:2013,
author = {Wi\'{s}niewski, Andrzej},
title = {Questions, {I}nferences, and {S}cenarios},
publisher = {College Publications},
year = {2013},
address = {London}
}

@Article{AW:2004,
author = {Wi\'{s}niewski, Andrzej},
title = {Socratic {P}roofs},
journal = {Journal of Philosophical Logic},
year = {2004},
volume = {33},
number = {3},
pages = {299-326}
}