@Article{Urbanski2002b,
	author =  	{Mariusz Urba\'{n}ski},
	title = 	{Synthetic Tableaux for {\L}ukasiewicz's Calculus \L 3 },
	journal = 	{Logique et Analyse},
	year = 		{2002},
	volume = 	{177-178},
	pages = 	{155--173},
}

@Article{Urbanski2001a,
	author =  	{Mariusz Urba\'{n}ski},
	title = 	{Remarks on Synthetic Tableaux for Classical Propositional Calculus},
	journal = 	{Bulletin of the Section of Logic},
	year = 		{2001},
	volume = 	{30},
	number = 	{4},
	pages = 	{194--204},
}

@Article{Urbanski2001b,
	author =  	{Mariusz Urba\'{n}ski},
	title = 	{Synthetic Tableaux and Erotetic Search Scenarios: Extension and Extraction},
	journal = 	{Logique et Analyse},
	year = 		{2001},
	volume = 	{173--175},
	pages = 	{69--91},
}

@Book{Urbanski2002a,
  	author =	{Mariusz Urba\'{n}ski},
	title =        	{Tabele syntetyczne a logika pyta\'{n} (Synthetic {T}ableaux and the {L}ogic of {Q}uestions)},
  	publisher =    	{Wydawnictwo UMCS},
	year =         	{2002},
  	address =      	{Lublin},
}

@Article{Urbanski2004,
	author =  	{Mariusz Urba\'{n}ski},
	title = 	{How to Synthesize a Paraconsistent Negation. The Case of CLuN},
	journal = 	{Logique et Analyse},
	year = 		{2004},
	volume = 	{185-188},
	pages = 	{319--333},
}

