@Article{girard87tcs,
  author =       "Jean-Yves Girard",
  title =        "Linear Logic",
  journal =      "Theoretical Computer Science",
  volume =       "50",
  year =         "1987",
  pages =        "1--102",
}

@InCollection{sep-logic-linear,
	author       =	{Di Cosmo, Roberto and Miller, Dale},
	title        =	{Linear Logic},
	booktitle    =	{The Stanford Encyclopedia of Philosophy},
	editor       =	{Edward N. Zalta},
	howpublished =	{\url{http://plato.stanford.edu/archives/sum2015/entries/logic-linear/}},
	year         =	{2015},
	edition      =	{Summer 2015},
}