@inproceedings{DBLP:conf/ifipTCS/DawsonCGT14,
  author    = {Jeremy E. Dawson and
               Ranald Clouston and
               Rajeev Gor{\'{e}} and
               Alwen Tiu},
  title     = {From Display Calculi to Deep Nested Sequent Calculi: Formalised for
               Full Intuitionistic Linear Logic},
  booktitle = {Proc.\ Theoretical Computer Science - 8th {IFIP} {TC} 1/WG 2.2 International
               Conference, {TCS} 2014},
  pages     = {250--264},
  year      = {2014}
}

@inproceedings{DBLP:conf/csl/CloustonDGT13,
  author    = {Ranald Clouston and
               Jeremy E. Dawson and
               Rajeev Gor{\'{e}} and
               Alwen Tiu},
  title     = {Annotation-Free Sequent Calculi for Full Intuitionistic Linear Logic},
  booktitle = {Computer Science Logic (CSL)},
  pages     = {197--214},
  year      = {2013}
}

@TechReport{Barber:Dual,
  author = 	 {Andrew Barber},
  title = 	 {Dual Intuitionistic Linear Logic},
  institution =  {Dept.\ of Computer Science, University of Edinburgh},
  year = 	 1996,
  number =	 {ECS-LFCS-96-347}
}

@article{Bellin:Subnets,
  author    = {Gianluigi Bellin},
  title     = {Subnets of Proof-nets in Multiplicative Linear Logic with {MIX}},
  journal   = {Mathematical Structures in Computer Science},
  volume    = {7},
  number    = {6},
  year      = {1997},
  pages     = {663-669}
}
                                                                             
@article {Belnap:DL,
     AUTHOR = {Belnap},
     TITLE = {Display logic},
   JOURNAL = {J. Philos. Logic},
  FJOURNAL = {Journal of Philosophical Logic},
    VOLUME = 11,
      YEAR = 1982,
    NUMBER = 4,
     PAGES = {375--417},
}   
                                                                             
@article{Bierman:Note,
  author    = {Gavin M. Bierman},
  title     = {A Note on Full Intuitionistic Linear Logic},
  journal   = {Ann. Pure Appl. Logic},
  volume    = {79},
  number    = {3},
  year      = {1996},
  pages     = {281-287}
}

@inproceedings{Brauner:Formulation,
    author = {Torben Br\"{a}uner and Valeria de Paiva},
    title = {A formulation of linear logic based on dependency-relations},
    booktitle = {Annual Conference of the EACSL (CSL '97)},
    series = {Lectures Notes in Computer Science},
    volume = 1414,
    pages = {129-148},
    year = 1997
}

@techreport{Chang:Judgmental,
  author = {Bor-Yuh Evan Chang and Kaustuv Chaudhuri and Frank Pfenning},
  title = {A judgmental analysis of linear logic},
  institution = {Carnegie Mellon University},
  year = 2003,
  number = {CMU-CS-03-131R}
}

@article{DBLP:journals/sLogica/Kashima94,
  author    = {Ryo Kashima},
  title     = {Cut-free sequent calculi for some tense logics},
  journal   = {Studia Logica},
  volume    = {53},
  number    = {1},
  pages     = {119--136},
  year      = {1994}
}

@techreport{Chaudhuri:Inverse,
  author = {Kaustuv Chaudhuri},
  title = {The Inverse Method for Intuitionistic Linear Logic},
  institution = {Carnegie Mellon University},
  year = 2004,
  number = {CMU-CS-03-140}
}

@inproceedings{Clouston:Nominal,
  author =	 {R. Clouston and A. M. Pitts},
  title =	 {Nominal Equational Logic},
  booktitle = {Computation, Meaning and Logic: Articles dedicated to Gordon Plotkin},
  series =	 {Electronic Notes in Theoretical Computer Science},
  year =	 2007,
  volume =	 172,
  pages =	 {223--257}
}

@article{Cockett:Proof,
    author = {J.R.B. Cockett and R.A.G. Seely},
    title = {Proof Theory For Full Intuitionistic Linear Logic, Bilinear Logic, and {MIX} Categories},
    journal = {Theory and Applications of Categories},
    volume = 3,
    number = 5,
    year = {1997},
    pages = {85--131}
}

@inproceedings{Cockett:Weakly,
    author = {J.R.B. Cockett and R.A.G. Seely},
    title = {Weakly Distributive Categories},
    booktitle = {Applications of Categories in Computer Science},
    series = {London Mathematical Society Lecture Note Series},
    volume = 177,
    year = {1992},
    pages = {45--65}
}

@article{dePaiva:Parigot,
  author    = {Valeria de Paiva and Eike Ritter},
  title     = {A {P}arigot-style linear $\lambda$-calculus for full intuitionistic linear logic},
  journal   = {Theory and Applications of Categories},
  volume    = {17},
  number    = {3},
  year      = {2006},
  pages     = {30-48}
}

@article{dePaiva:Short,
  author = {Valeria de Paiva and Luiz Carlos Pereira},
  title = {A short note on Intuitionistic Propositional Logic with Multiple Conclusions},
  journal = {Manuscrito -- Rev. Int. Fil., Campinas},
  volume = 28,
  number = 2,
  year = 2005,
  pages = {317-329}
}

@book{Dosen:Proof,
  author = {Kosta Do\v{s}en and Zoran Petri\'{c}},
  title = {Proof-Theoretical Coherence},
  publisher = {College Publications},
  year = 2004,
  series = {Studies in Logic},
  volume = 1
}

@article{Gabbay:Nominal,
  author = {Murdoch J. Gabbay and Aad Mathijssen},
  title = {Nominal (universal) algebra: equational logic with names and binding},
  year = 2009,
  journal = {Journal of Logic and Computation},
  volume = 19,
  number = 6,
  pages = {1455--1508}
}

@inproceedings{DBLP:conf/obpdc/GalmicheB95,
  author    = {Didier Galmiche and
               Eric Boudinet},
  title     = {Proofs, Concurrent Objects, and Computations in a FILL Framework},
  booktitle = {OBPDC},
  year      = {1995},
  pages     = {148-167},
  ee        = {http://dx.doi.org/10.1007/3-540-61487-7_26},
  crossref  = {DBLP:conf/obpdc/1995},
  bibsource = {DBLP, http://dblp.uni-trier.de}
}

@proceedings{DBLP:conf/obpdc/1995,
  editor    = {Jean-Pierre Briot and
               Jean-Marc Geib and
               Akinori Yonezawa},
  title     = {Object-Based Parallel and Distributed Computation, France-Japan
               Workshop, OBPDC '95, Tokyo, Japan, June 21-23, 1995, Selected
               Papers},
  booktitle = {OBPDC},
  publisher = {Springer},
  series    = {Lecture Notes in Computer Science},
  volume    = {1107},
  year      = {1996},
  isbn      = {3-540-61487-7},
  bibsource = {DBLP, http://dblp.uni-trier.de}
}


@article {Gore:SLD,
    AUTHOR = {Gor{\'e}, Rajeev},                                                    TITLE = {Substructural logics on display},
   JOURNAL = {Log. J. IGPL},
  FJOURNAL = {Logic Journal of the IGPL. Interest Group in Pure and Applied Logics},
    VOLUME = 6,
      YEAR = 1998,
    NUMBER = 3,
     PAGES = {451--504},
}             

@InCollection{Grishin:Generalisation,
  author =       {V N Grishin},
  title =        {On a generalization of the {A}jdukiewicz-{L}ambek system},
  booktitle =    {Studies in Nonclassical Logics and Formal Systems},
  publisher =    {Nauka},
  year =         1983,
  pages =        {315-343}
}   

@article{Hyland:Full,
  author    = {Martin Hyland and
               Valeria de Paiva},
  title     = {Full Intuitionistic Linear Logic (extended abstract)},
  journal   = {Ann. Pure Appl. Logic},
  volume    = {64},
  number    = {3},
  year      = {1993},
  pages     = {273-291}
}

@Book{MacLane:Categories,
  author =	"Mac Lane, Saunders",
  title =	"Categories for the Working Mathematician",
  publisher =	"Springer-Verlag",
  year =	1998,
  edition =	"Second"
}

@article{Martini:Experiments,
  author    = {Simone Martini and Andrea Masini},
  title     = {Experiments in linear natural deduction},
  journal   = {Theoretical Computer Science},
  volume    = {176},
  number    = {1-2},
  year      = {1997},
  pages     = {159-173}
}

@article{DBLP:journals/jphil/Moortgat09,
  author    = {Michael Moortgat},
  title     = {Symmetric Categorial Grammar},
  journal   = {J. Philosophical Logic},
  volume    = {38},
  number    = {6},
  year      = {2009},
  pages     = {681-710},
  ee        = {http://dx.doi.org/10.1007/s10992-009-9118-6},
  bibsource = {DBLP, http://dblp.uni-trier.de}
}
@InProceedings{Pitts:Nominal,
  author =	 {A. M. Pitts},
  title =	 {Nominal Logic: A First Order Theory of Names and
                  Binding},
  booktitle =	 {Theoretical Aspects of Computer Software (TACS 2001)},
  pages =	 {219--242},
  year =	 2001,
  volume =	 2215,
  series =	 {Lecture Notes in Computer Science},
}

@article{Schellinx:Some,
  author    = {Harold Schellinx},
  title     = {Some Syntactical Observations on Linear Logic},
  journal   = {J. Log. Comput.},
  volume    = {1},
  number    = {4},
  year      = {1991},
  pages     = {537-559}
}

@inproceedings{Urban:General,
  author =	 {C. Urban and C. Kaliszyk},
  title =	 {General Bindings and Alpha-Equivalence in {N}ominal {I}sabelle},
  pages =	 {480--500},
  year =	 2011,
  booktitle =	 {20th European Symposium on Programming (ESOP 2011)},
  series =	 {Lecture Notes in Computer Science},
  volume = {6602}
}

@article{Wansing:Sequent,
TITLE = "Sequent calculi for normal modal propositional logics",
AUTHOR = "H Wansing",
JOURNAL = "Journal of Logic and Computation",
VOLUME = "4",
PAGES =  "125-142",
YEAR = "1994"
}                                                                                                                                                            
    