@book{Kleene:1952,
  author = {Stephen Cole Kleene},
  title = {Introduction to Metamathematics},
  year = {1952},
  address = {Amsterdam},
  publisher = {North-Holland}
}