@ARTICLE{mgabbay:lambdacut,
  AUTHOR =       {Michael Gabbay},
  TITLE =        {A proof-theoretic treatment of $\lambda$-reduction with cut-elimination:
  $\lambda$-calculus as a logic programming language},
  JOURNAL =      {Journal of Symbolic Logic},
  volume    = {76},
  number    = {2},
  year      = {2011},
  month = {June},
  pages     = {673-699},
}

@inproceedings{gabbay:simcks,
title={\href{http://www.gabbay.org.uk/papers.html\#simcks}{A simple class of {K}ripke-style models in which logic and computation have equal standing}},
author={Michael J. Gabbay and Murdoch J. Gabbay},
booktitle={International Conference on Logic for Programming Artificial Intelligence and Reasoning ({LPAR} 2010)},
year={2010},
pdf={http://www.gabbay.org.uk/papers/simcks.pdf},
pages={231-254},
	series = "Lecture Notes in Computer Science",
	volume = "6355",
	publisher = {Springer},
optdoi = {http://dx.doi.org/10.1007/978-3-642-17511-4_14},
}

@article{Gabbay2016,
title = "Representation and duality of the untyped $\lambda$-calculus in nominal lattice and topological semantics, with a proof of topological completeness ",
journal = "Annals of Pure and Applied Logic ",
volume = "",
number = "",
pages = "",
year = "2016",
note = "",
issn = "0168-0072",
doi = "http://dx.doi.org/10.1016/j.apal.2016.10.001",
url = "http://www.sciencedirect.com/science/article/pii/S0168007216301245",
author = "Murdoch J. Gabbay and Michael Gabbay",
keywords = "Nominal algebra",
keywords = "Lambda-reduction",
keywords = "Spectral spaces",
keywords = "Fresh-finite limits",
keywords = "Lattices and order",
keywords = "Fraenkelâ€“Mostowski set theory "
}

@article{gabbay:simcmt,
title={A Simple and Complete Model Theory for Intensional and Extensional Untyped Lambda-Equality},
author={Michael J. Gabbay and Murdoch J. Gabbay},
volume={1}, number={2}, year={2014}, month={November},
journal={IFCoLog Journal of Logic and its Applications},
}
