@article{focal,
  author  = {Jean-Marc Andreoli},
  title   = {Logic Programming with Focusing Proofs in Linear Logic},
  journal = {Journal of Logic and Computation},
  volume  = {2},
  number  = {3},
  pages   = {297--347},
  year    = {1992}
}

@PhDThesis{phdlaurent,
  author = {Olivier Laurent},
  title  = {{\'E}tude de la polarisation en logique},
  school = {Universit\'e Aix-Marseille~II},
  type   = {Th\`ese de Doctorat},
  month  = mar,
  year   = {2002}
}

