@Article{DLJ:2008,
author = {Leszczy\'{n}ska-Jasion, Dorota},
title = {The {M}ethod of {S}ocratic {P}roofs for {M}odal {P}ropositional {L}ogics: {K5}, {S4.2}, {S4.3}, {S4M, S4F, S4R} and {G}},
journal = {Studia Logica},
year = {2008},
volume = {89},
number = {3},
pages = {371--405}
}

@Article{DLJ:2004,
author = {Leszczy\'{n}ska, Dorota},
title = {Socratic {P}roofs for some {N}ormal {M}odal {P}ropositional {L}ogics},
journal = {Logique et Analyse},
year = {2004},
volume = {47},
number = {185-188},
pages = {259--285}
}

@Book{DLJ:2007,
author = {Leszczy\'{n}ska-Jasion, Dorota},
title = {The {M}ethod of {S}ocratic {P}roofs for {N}ormal {M}odal {P}ropositional {L}ogics},
publisher = {Adam Mickiewicz University Press},
year = {2007},
address = {Pozna\'{n}}
}