@inproceedings{Baumgartner:FDPLL:CADE:00,
  author = {Peter Baumgartner},
  title = {{FDPLL -- A First-Order Davis-Putnam-Logeman-Loveland
		  Procedure}},
  pages = {200--219},
 booktitle = {CADE-17 -- The 17th International Conference on Automated
		  Deduction},
  editor = {David McAllester},
  year = {2000},
  volume = {1831},
  series = {LNAI},
  publisher = {Springer}
}

@inproceedings{Baumgartner:Tinelli:ModelEvolutionCalculus:CADE:2003,
  author = {Peter Baumgartner and Cesare Tinelli},
  title = {{The Model Evolution Calculus}},
  booktitle = {CADE-19 -- The 19th International Conference on Automated
		  Deduction},
  editor = {Franz Baader},
  year = {2003},
  volume = {2741},
  series = {LNAI},
  publisher = {Springer}
}

@inproceedings{Baumgartner:Tinelli:ModelEvolutionCalculusEquality:CADE:2005,
  author = {Peter Baumgartner and Cesare Tinelli},
  title = {The Model Evolution Calculus with Equality},
 booktitle = {CADE-20 -- The 20th International Conference on Automated
		  Deduction},
  editor = {Robert Nieuwenhuis},
  year = {2005},
  volume = {3632},
  series = {LNAI},
  publisher = {Springer}
}

@inproceedings{Baumgartner:etal:ModelEvolutionLearning:LPAR:2006,
  author = {Peter Baumgartner and Alexander Fuchs and Cesare Tinelli},
  title = {Lemma Learning in the Model Evolution Calculus},
  booktitle = {Logic for Programming, Artificial Intelligence and Reasoning (LPAR)},
  pages = {572-586},
  year = {2006},
  editor = {Miki Hermann and Andrei Voronkov},
  volume = {4246},
  series = {LNAI},
  publisher = {Springer}
}

@inproceedings{Baumgartner:Fuchs:Tinelli:MELIA:LPAR:2008,
  author = {Peter Baumgartner and Alexander Fuchs and Cesare Tinelli},
  title = {{ME(LIA)} -- {M}odel {E}volution {W}ith {L}inear {I}nteger
                  {A}rithmetic {C}onstraints},
  booktitle = {Proceedings of the 15th International Conference on Logic for Programming, Artificial Intelligence and Reasoning (LPAR'08)},
  pages = {258-273},
  year = {2008},
  editor = {I. Cervesato and H. Veith and A. Voronkov},
  volume = {5330},
  series = {LNAI},
  month = {November},
  publisher = {Springer}
  }


@inproceedings{Baumgartner:Waldmann:MESUP:CADE:2009,
  author = {Peter Baumgartner and Uwe Waldmann},
  title = {Superposition and Model Evolution Combined},
   booktitle = {CADE-22 -- The 22nd International Conference on Automated
		  Deduction},
  editor = {Renate Schmidt},
  year = {2009},
  series = {LNAI},
  publisher = {Springer},
  volume = {5663},
  pages = {17-34},
  month = {July}
}

@inproceedings{Baumgartner:Tinelli:MEET:CADE:2011,
  author = {Peter Baumgartner and Cesare Tinelli},
  title = {Model Evolution with Equality Modulo Built-in Theories},
  booktitle = {CADE-23 -- The 23nd International Conference on Automated
		  Deduction},
  editor = {Nikolaj Bj{\o}rner and Viorica Sofronie-Stokkermans},
  year = {2011},
  series = {LNAI},
  publisher = {Springer},
  volume = {6803},
  pages = {85--100}
}



