@INCOLLECTION{KowalskiHayes1969,
  AUTHOR = "Kowalski, R[obert] and Hayes, P[atrick] J.",
  TITLE = "Semantic Trees in Automatic Theorem Proving",
  YEAR = "1969",
  EDITOR = "Meltzer, Bernard and Michie, Donald",
  BOOKTITLE = "Machine Intelligence 4",
  PAGES = "87--101",
  PUBLISHER = "Edinburgh University Press",
  C-ADDRESS = "Edinburgh, United Kingdom",
  C-NOTE = "Reprinted in Siekmann and Wrightson~\cite{SiekmannWrightson1983a}, pp.~217--232",
}

@ARTICLE{Maslov1964,
  AUTHOR = "Maslov, S. Ju.",
  TITLE = "An inverse method of establishing deducibility in classical predicate calculus",
  YEAR = "1964",
  JOURNAL = "Dokl. Akad. Nauk. SSSR",
  VOLUME = "159",
  PAGES = "17--20",
}

@ARTICLE{Maslov1968,
  AUTHOR = "Maslov, S. Ju.",
  TITLE = "The inverse method for establishing deducibility for logical calculi",
  YEAR = "1968",
  JOURNAL = "Trudy Mat. Inst. Steklov",
  VOLUME = "98",
  PAGES = "26--87",
}

@INCOLLECTION{Maslov1971,
  AUTHOR = "Maslov, S. Ju.",
  TITLE = "Proof-search Strategies for Methods of the Resolution Type",
  YEAR = "1971",
  EDITOR = "Meltzer, Bernard and Michie, Donald",
  BOOKTITLE = "Machine Intelligence 6",
  CHAPTER = "6",
  PAGES = "77--90",
  PUBLISHER = "Edinburgh University Press",
  C-ADDRESS = "Edinburgh, United Kingdom",
}

