@ARTICLE{DavisPutnam1960JACM,
  AUTHOR = "Davis, Martin and Putnam, Hilary",
  TITLE = "A Computing Procedure for Quantification Theory",
  YEAR = "1960",
  JOURNAL = "Journal of the ACM",
  VOLUME = "7",
  PAGES = "201--215",
  C-NOTE = "Reprinted in Siekmann and Wrightson~\cite{SiekmannWrightson1983}, pp.~125--139",
}

@ARTICLE{Robinson1965JACM,
  AUTHOR = "Robinson, John Alan",
  TITLE = "A Machine-Oriented Logic Based on the Resolution Principle",
  YEAR = "1965",
  JOURNAL = "Journal of the ACM",
  VOLUME = "12",
  NUMBER = "1",
  PAGES = "23--41",
}

@ARTICLE{Maslov1964,
  AUTHOR = "Maslov, S. Ju.",
  TITLE = "An inverse method of establishing deducibility in classical predicate calculus",
  YEAR = "1964",
  JOURNAL = "Dokl. Akad. Nauk. SSSR",
  VOLUME = "159",
  PAGES = "17--20",
}

@ARTICLE{Maslov1968,
  AUTHOR = "Maslov, S. Ju.",
  TITLE = "The inverse method for establishing deducibility for logical calculi",
  YEAR = "1968",
  JOURNAL = "Trudy Mat. Inst. Steklov",
  VOLUME = "98",
  PAGES = "26--87",
}

@INCOLLECTION{Maslov1971,
  AUTHOR = "Maslov, S. Ju.",
  TITLE = "Proof-search Strategies for Methods of the Resolution Type",
  YEAR = "1971",
  EDITOR = "Meltzer, Bernard and Michie, Donald",
  BOOKTITLE = "Machine Intelligence 6",
  CHAPTER = "6",
  PAGES = "77--90",
  PUBLISHER = "Edinburgh University Press",
  C-ADDRESS = "Edinburgh, United Kingdom",
}

