@Article{AW:2006SPQ,
author = {Wi\'{s}niewski, Andrzej and Shangin, Vasilyi},
title = {Socratic {P}roofs for {Q}uantifiers},
journal = {Journal of Philosophical Logic},
year = {2006},
volume = {35},
number = {2},
pages = {147-178}
}

@Article{LJUW:2013,
author = {Leszczy\'{n}ska-Jasion, Dorota and Urba\'{n}ski, Mariusz and Wi\'{s}niewski, Andrzej},
title = {Socratic {T}rees},
journal = {Studia Logica},
year = {2013},
volume = {101},
number = {5},
pages = {959-986}
}